%% This BibTeX bibliography file was created using BibDesk.
%% http://bibdesk.sourceforge.net/


%% Created for Peng Liu at 2015-03-14 14:22:59 +0200 


%% Saved with string encoding Unicode (UTF-8) 



@url{cling,
	Date-Added = {2015-03-14 12:22:17 +0000},
	Date-Modified = {2015-03-14 12:22:50 +0000},
	Keywords = {cling upnp dlna},
	Title = {Cling - Java/Android UPnP library and tools}}

@inproceedings{yim2012dlna,
	Author = {Yim, Hyung-Jun and Lee, Kyu-Chul},
	Booktitle = {Proceedings of the 2012 IEEE/ACM 16th International Symposium on Distributed Simulation and Real Time Applications},
	Organization = {IEEE Computer Society},
	Pages = {143--144},
	Title = {A DLNA-Based Efficient Mechanism for Interconnecting Mobile Devices in Ubiquitous Environments},
	Year = {2012}}

@webpage{spotifyconnect,
	Date-Added = {2014-07-06 11:56:39 +0000},
	Date-Modified = {2014-07-06 12:01:02 +0000},
	Month = {1},
	Url = {https://www.spotify.com/fi/connect/},
	Year = {2014},
	Bdsk-Url-1 = {https://www.spotify.com/fi/connect/}}

@webpage{sonosnet,
	Date-Added = {2014-07-06 11:55:27 +0000},
	Date-Modified = {2014-07-06 11:56:22 +0000},
	Month = {11},
	Url = {https://sonos.custhelp.com/app/answers/detail/a_id/126/~/information-about-sonosnet},
	Year = {2013},
	Bdsk-Url-1 = {https://sonos.custhelp.com/app/answers/detail/a_id/126/~/information-about-sonosnet}}

@techreport{miracast_industry,
	Author = {WiFi Alliance},
	Date-Added = {2014-06-22 15:21:07 +0000},
	Date-Modified = {2014-06-22 15:22:07 +0000},
	Institution = {WiFi Alliance},
	Month = {September},
	Title = {Wi-Fi CERTIFIED Miracast: Extending the Wi-Fi{\textregistered} experience to seamless video display},
	Year = {2012},
	Bdsk-File-1 = {YnBsaXN0MDDUAQIDBAUGJCVYJHZlcnNpb25YJG9iamVjdHNZJGFyY2hpdmVyVCR0b3ASAAGGoKgHCBMUFRYaIVUkbnVsbNMJCgsMDxJXTlMua2V5c1pOUy5vYmplY3RzViRjbGFzc6INDoACgAOiEBGABIAFgAdccmVsYXRpdmVQYXRoWWFsaWFzRGF0YV8QMy4uLy4uL3doaXRlLXBhcGVyL3dwX01pcmFjYXN0X0luZHVzdHJ5XzIwMTIwOTE5LnBkZtIXCxgZV05TLmRhdGFPEQIOAAAAAAIOAAIAAAxNYWNpbnRvc2ggSEQAAAAAAAAAAAAAAAAAAADQZpSHSCsAAAAKfs0fd3BfTWlyYWNhc3RfSW5kdXN0cnlfI0E3RUQyLnBkZgAAAAAAAAAAAAAAAAAAAAAAAAAAAAAAAAAAAAAAAAAAAAp+0s/UgS8AAAAAAAAAAAACAAIAAAkgAAAAAAAAAAAAAAAAAAAAC3doaXRlLXBhcGVyAAAQAAgAANBmalcAAAARAAgAAM/UVv8AAAABABgACn7NAAp8IAAKeuYACnreAAngWQACk9UAAgBjTWFjaW50b3NoIEhEOlVzZXJzOgBwZW5nbGl1OgBEb2N1bWVudHM6AEFhbHRvOgB0aGVzaXM6AHdoaXRlLXBhcGVyOgB3cF9NaXJhY2FzdF9JbmR1c3RyeV8jQTdFRDIucGRmAAAOAEQAIQB3AHAAXwBNAGkAcgBhAGMAYQBzAHQAXwBJAG4AZAB1AHMAdAByAHkAXwAyADAAMQAyADAAOQAxADkALgBwAGQAZgAPABoADABNAGEAYwBpAG4AdABvAHMAaAAgAEgARAASAFJVc2Vycy9wZW5nbGl1L0RvY3VtZW50cy9BYWx0by90aGVzaXMvd2hpdGUtcGFwZXIvd3BfTWlyYWNhc3RfSW5kdXN0cnlfMjAxMjA5MTkucGRmABMAAS8AABUAAgAO//8AAIAG0hscHR5aJGNsYXNzbmFtZVgkY2xhc3Nlc11OU011dGFibGVEYXRhox0fIFZOU0RhdGFYTlNPYmplY3TSGxwiI1xOU0RpY3Rpb25hcnmiIiBfEA9OU0tleWVkQXJjaGl2ZXLRJidUcm9vdIABAAgAEQAaACMALQAyADcAQABGAE0AVQBgAGcAagBsAG4AcQBzAHUAdwCEAI4AxADJANEC4wLlAuoC9QL+AwwDEAMXAyADJQMyAzUDRwNKA08AAAAAAAACAQAAAAAAAAAoAAAAAAAAAAAAAAAAAAADUQ==}}

@techreport{miracast_consumer,
	Author = {WiFi Alliance},
	Date-Added = {2014-06-22 15:17:58 +0000},
	Date-Modified = {2014-06-22 15:21:04 +0000},
	Institution = {WiFi Alliance},
	Month = {January},
	Title = {Wi-Fi CERTIFIED Miracast: Extending the Wi-Fi{\textregistered} experience to seamless video display},
	Year = {2013},
	Bdsk-File-1 = {YnBsaXN0MDDUAQIDBAUGJCVYJHZlcnNpb25YJG9iamVjdHNZJGFyY2hpdmVyVCR0b3ASAAGGoKgHCBMUFRYaIVUkbnVsbNMJCgsMDxJXTlMua2V5c1pOUy5vYmplY3RzViRjbGFzc6INDoACgAOiEBGABIAFgAdccmVsYXRpdmVQYXRoWWFsaWFzRGF0YV8QMS4uLy4uL3doaXRlLXBhcGVyL3dwX01pcmFjYXN0X0NvbnN1bWVyXzIwMTMwMS5wZGbSFwsYGVdOUy5kYXRhTxECCAAAAAACCAACAAAMTWFjaW50b3NoIEhEAAAAAAAAAAAAAAAAAAAA0GaUh0grAAAACn7NH3dwX01pcmFjYXN0X0NvbnN1bWVyXzIwMTMwMS5wZGYAAAAAAAAAAAAAAAAAAAAAAAAAAAAAAAAAAAAAAAAAAAAKftDOLwPiAAAAAAAAAAAAAgACAAAJIAAAAAAAAAAAAAAAAAAAAAt3aGl0ZS1wYXBlcgAAEAAIAADQZmpXAAAAEQAIAADOLtmyAAAAAQAYAAp+zQAKfCAACnrmAAp63gAJ4FkAApPVAAIAY01hY2ludG9zaCBIRDpVc2VyczoAcGVuZ2xpdToARG9jdW1lbnRzOgBBYWx0bzoAdGhlc2lzOgB3aGl0ZS1wYXBlcjoAd3BfTWlyYWNhc3RfQ29uc3VtZXJfMjAxMzAxLnBkZgAADgBAAB8AdwBwAF8ATQBpAHIAYQBjAGEAcwB0AF8AQwBvAG4AcwB1AG0AZQByAF8AMgAwADEAMwAwADEALgBwAGQAZgAPABoADABNAGEAYwBpAG4AdABvAHMAaAAgAEgARAASAFBVc2Vycy9wZW5nbGl1L0RvY3VtZW50cy9BYWx0by90aGVzaXMvd2hpdGUtcGFwZXIvd3BfTWlyYWNhc3RfQ29uc3VtZXJfMjAxMzAxLnBkZgATAAEvAAAVAAIADv//AACABtIbHB0eWiRjbGFzc25hbWVYJGNsYXNzZXNdTlNNdXRhYmxlRGF0YaMdHyBWTlNEYXRhWE5TT2JqZWN00hscIiNcTlNEaWN0aW9uYXJ5oiIgXxAPTlNLZXllZEFyY2hpdmVy0SYnVHJvb3SAAQAIABEAGgAjAC0AMgA3AEAARgBNAFUAYABnAGoAbABuAHEAcwB1AHcAhACOAMIAxwDPAtsC3QLiAu0C9gMEAwgDDwMYAx0DKgMtAz8DQgNHAAAAAAAAAgEAAAAAAAAAKAAAAAAAAAAAAAAAAAAAA0k=}}

@techreport{dial,
	Author = {Netflix, Inc.},
	Date-Added = {2014-06-17 19:18:45 +0000},
	Date-Modified = {2014-06-17 19:21:18 +0000},
	Institution = {Netflix, Inc.},
	Title = {DIscovery And Launch protocol specification},
	Year = {2014},
	Bdsk-File-1 = {YnBsaXN0MDDUAQIDBAUGJCVYJHZlcnNpb25YJG9iamVjdHNZJGFyY2hpdmVyVCR0b3ASAAGGoKgHCBMUFRYaIVUkbnVsbNMJCgsMDxJXTlMua2V5c1pOUy5vYmplY3RzViRjbGFzc6INDoACgAOiEBGABIAFgAdccmVsYXRpdmVQYXRoWWFsaWFzRGF0YV8QLi4uLy4uL21hdGVyaWFscy9ESUFMLTJuZFNjcmVlblByb3RvY29sLTEuNy5wZGbSFwsYGVdOUy5kYXRhTxEB/gAAAAAB/gACAAAMTWFjaW50b3NoIEhEAAAAAAAAAAAAAAAAAAAA0GaUh0grAAAACnxRHkRJQUwtMm5kU2NyZWVuUHJvdG9jb2wtMS43LnBkZgAAAAAAAAAAAAAAAAAAAAAAAAAAAAAAAAAAAAAAAAAAAAAKfFnPxm8hAAAAAAAAAAAAAgACAAAJIAAAAAAAAAAAAAAAAAAAAAltYXRlcmlhbHMAABAACAAA0GZqVwAAABEACAAAz8ZE8QAAAAEAGAAKfFEACnwgAAp65gAKet4ACeBZAAKT1QACAGBNYWNpbnRvc2ggSEQ6VXNlcnM6AHBlbmdsaXU6AERvY3VtZW50czoAQWFsdG86AHRoZXNpczoAbWF0ZXJpYWxzOgBESUFMLTJuZFNjcmVlblByb3RvY29sLTEuNy5wZGYADgA+AB4ARABJAEEATAAtADIAbgBkAFMAYwByAGUAZQBuAFAAcgBvAHQAbwBjAG8AbAAtADEALgA3AC4AcABkAGYADwAaAAwATQBhAGMAaQBuAHQAbwBzAGgAIABIAEQAEgBNVXNlcnMvcGVuZ2xpdS9Eb2N1bWVudHMvQWFsdG8vdGhlc2lzL21hdGVyaWFscy9ESUFMLTJuZFNjcmVlblByb3RvY29sLTEuNy5wZGYAABMAAS8AABUAAgAO//8AAIAG0hscHR5aJGNsYXNzbmFtZVgkY2xhc3Nlc11OU011dGFibGVEYXRhox0fIFZOU0RhdGFYTlNPYmplY3TSGxwiI1xOU0RpY3Rpb25hcnmiIiBfEA9OU0tleWVkQXJjaGl2ZXLRJidUcm9vdIABAAgAEQAaACMALQAyADcAQABGAE0AVQBgAGcAagBsAG4AcQBzAHUAdwCEAI4AvwDEAMwCzgLQAtUC4ALpAvcC+wMCAwsDEAMdAyADMgM1AzoAAAAAAAACAQAAAAAAAAAoAAAAAAAAAAAAAAAAAAADPA==}}

@techreport{upnp-av,
	Author = {John Ritchie, Thomas Kuehnel, Wouter van der Beek, Jeffrey Kang},
	Date-Added = {2014-06-05 20:47:47 +0000},
	Date-Modified = {2014-06-05 20:49:33 +0000},
	Institution = {UPnP Forum},
	Month = {December},
	Title = {UPnP AV Architecture},
	Year = {2010},
	Bdsk-File-1 = {YnBsaXN0MDDUAQIDBAUGJCVYJHZlcnNpb25YJG9iamVjdHNZJGFyY2hpdmVyVCR0b3ASAAGGoKgHCBMUFRYaIVUkbnVsbNMJCgsMDxJXTlMua2V5c1pOUy5vYmplY3RzViRjbGFzc6INDoACgAOiEBGABIAFgAdccmVsYXRpdmVQYXRoWWFsaWFzRGF0YV8QNi4uLy4uL21hdGVyaWFscy9VUG5QLWF2LUFWQXJjaGl0ZWN0dXJlLXYyLTIwMTAxMjMxLnBkZtIXCxgZV05TLmRhdGFPEQIYAAAAAAIYAAIAAAxNYWNpbnRvc2ggSEQAAAAAAAAAAAAAAAAAAADQZpSHSCsAAAAKfFEfVVBuUC1hdi1BVkFyY2hpdGVjdHVyI0E3Qzc1LnBkZgAAAAAAAAAAAAAAAAAAAAAAAAAAAAAAAAAAAAAAAAAAAAp8dc+2sgcAAAAAAAAAAAACAAIAAAkgAAAAAAAAAAAAAAAAAAAACW1hdGVyaWFscwAAEAAIAADQZmpXAAAAEQAIAADPtofXAAAAAQAYAAp8UQAKfCAACnrmAAp63gAJ4FkAApPVAAIAYU1hY2ludG9zaCBIRDpVc2VyczoAcGVuZ2xpdToARG9jdW1lbnRzOgBBYWx0bzoAdGhlc2lzOgBtYXRlcmlhbHM6AFVQblAtYXYtQVZBcmNoaXRlY3R1ciNBN0M3NS5wZGYAAA4ATgAmAFUAUABuAFAALQBhAHYALQBBAFYAQQByAGMAaABpAHQAZQBjAHQAdQByAGUALQB2ADIALQAyADAAMQAwADEAMgAzADEALgBwAGQAZgAPABoADABNAGEAYwBpAG4AdABvAHMAaAAgAEgARAASAFVVc2Vycy9wZW5nbGl1L0RvY3VtZW50cy9BYWx0by90aGVzaXMvbWF0ZXJpYWxzL1VQblAtYXYtQVZBcmNoaXRlY3R1cmUtdjItMjAxMDEyMzEucGRmAAATAAEvAAAVAAIADv//AACABtIbHB0eWiRjbGFzc25hbWVYJGNsYXNzZXNdTlNNdXRhYmxlRGF0YaMdHyBWTlNEYXRhWE5TT2JqZWN00hscIiNcTlNEaWN0aW9uYXJ5oiIgXxAPTlNLZXllZEFyY2hpdmVy0SYnVHJvb3SAAQAIABEAGgAjAC0AMgA3AEAARgBNAFUAYABnAGoAbABuAHEAcwB1AHcAhACOAMcAzADUAvAC8gL3AwIDCwMZAx0DJAMtAzIDPwNCA1QDVwNcAAAAAAAAAgEAAAAAAAAAKAAAAAAAAAAAAAAAAAAAA14=}}

@techreport{dlna_guideline,
	Author = {Digital Living Network Alliance.},
	Date-Added = {2014-06-04 19:39:57 +0000},
	Date-Modified = {2014-06-04 19:46:31 +0000},
	Institution = {Digital Living Network Alliance.},
	Month = {March},
	Title = {DLNA Guidelines},
	Year = {2014},
	Bdsk-File-1 = {YnBsaXN0MDDUAQIDBAUGJCVYJHZlcnNpb25YJG9iamVjdHNZJGFyY2hpdmVyVCR0b3ASAAGGoKgHCBMUFRYaIVUkbnVsbNMJCgsMDxJXTlMua2V5c1pOUy5vYmplY3RzViRjbGFzc6INDoACgAOiEBGABIAFgAdccmVsYXRpdmVQYXRoWWFsaWFzRGF0YV8QVS4uLy4uL21hdGVyaWFscy9ETE5BIEd1aWRlbGluZXMgTWFyY2ggMjAxNCAtIFBhcnQgMS0xIEFyY2hpdGVjdHVyZXMgYW5kIFByb3RvY29scy5wZGbSFwsYGVdOUy5kYXRhTxECdAAAAAACdAACAAAMTWFjaW50b3NoIEhEAAAAAAAAAAAAAAAAAAAA0GaUh0grAAAACnxRH0RMTkEgR3VpZGVsaW5lcyBNYXJjaCNBN0M1Qy5wZGYAAAAAAAAAAAAAAAAAAAAAAAAAAAAAAAAAAAAAAAAAAAAKfFzPtVIzAAAAAAAAAAAAAgACAAAJIAAAAAAAAAAAAAAAAAAAAAltYXRlcmlhbHMAABAACAAA0GZqVwAAABEACAAAz7UoAwAAAAEAGAAKfFEACnwgAAp65gAKet4ACeBZAAKT1QACAGFNYWNpbnRvc2ggSEQ6VXNlcnM6AHBlbmdsaXU6AERvY3VtZW50czoAQWFsdG86AHRoZXNpczoAbWF0ZXJpYWxzOgBETE5BIEd1aWRlbGluZXMgTWFyY2gjQTdDNUMucGRmAAAOAIwARQBEAEwATgBBACAARwB1AGkAZABlAGwAaQBuAGUAcwAgAE0AYQByAGMAaAAgADIAMAAxADQAIAAtACAAUABhAHIAdAAgADEALQAxACAAQQByAGMAaABpAHQAZQBjAHQAdQByAGUAcwAgAGEAbgBkACAAUAByAG8AdABvAGMAbwBsAHMALgBwAGQAZgAPABoADABNAGEAYwBpAG4AdABvAHMAaAAgAEgARAASAHRVc2Vycy9wZW5nbGl1L0RvY3VtZW50cy9BYWx0by90aGVzaXMvbWF0ZXJpYWxzL0RMTkEgR3VpZGVsaW5lcyBNYXJjaCAyMDE0IC0gUGFydCAxLTEgQXJjaGl0ZWN0dXJlcyBhbmQgUHJvdG9jb2xzLnBkZgATAAEvAAAVAAIADv//AACABtIbHB0eWiRjbGFzc25hbWVYJGNsYXNzZXNdTlNNdXRhYmxlRGF0YaMdHyBWTlNEYXRhWE5TT2JqZWN00hscIiNcTlNEaWN0aW9uYXJ5oiIgXxAPTlNLZXllZEFyY2hpdmVy0SYnVHJvb3SAAQAIABEAGgAjAC0AMgA3AEAARgBNAFUAYABnAGoAbABuAHEAcwB1AHcAhACOAOYA6wDzA2sDbQNyA30DhgOUA5gDnwOoA60DugO9A88D0gPXAAAAAAAAAgEAAAAAAAAAKAAAAAAAAAAAAAAAAAAAA9k=}}

@url{multicastdns,
	Author = {Stuart Cheshire, Marc Krochmal},
	Date-Added = {2014-06-03 21:56:00 +0000},
	Date-Modified = {2014-06-03 21:58:48 +0000},
	Month = {February},
	Title = {Multicast DNS},
	Url = {http://www.ietf.org/rfc/rfc6762.txt},
	Year = {2013},
	Bdsk-Url-1 = {http://www.ietf.org/rfc/rfc6762.txt}}

@techreport{link_layer_old,
	Author = {Xinhua Feng},
	Date-Added = {2014-06-03 20:33:09 +0000},
	Date-Modified = {2014-06-03 20:37:04 +0000},
	Institution = {Ohio State University},
	Title = {Home Networking},
	Year = {2000},
	Bdsk-File-1 = {YnBsaXN0MDDUAQIDBAUGJCVYJHZlcnNpb25YJG9iamVjdHNZJGFyY2hpdmVyVCR0b3ASAAGGoKgHCBMUFRYaIVUkbnVsbNMJCgsMDxJXTlMua2V5c1pOUy5vYmplY3RzViRjbGFzc6INDoACgAOiEBGABIAFgAdccmVsYXRpdmVQYXRoWWFsaWFzRGF0YV8QMS4uLy4uL21hdGVyaWFscy9YaW5odWFfRmVuZ18tX0hvbWVfTmV0d29ya2luZy5wZGbSFwsYGVdOUy5kYXRhTxECCAAAAAACCAACAAAMTWFjaW50b3NoIEhEAAAAAAAAAAAAAAAAAAAA0GaUh0grAAAACnxRH1hpbmh1YV9GZW5nXy1fSG9tZV9OZSNBN0M3QS5wZGYAAAAAAAAAAAAAAAAAAAAAAAAAAAAAAAAAAAAAAAAAAAAKfHrOKz11AAAAAAAAAAAAAgACAAAJIAAAAAAAAAAAAAAAAAAAAAltYXRlcmlhbHMAABAACAAA0GZqVwAAABEACAAAzisTRQAAAAEAGAAKfFEACnwgAAp65gAKet4ACeBZAAKT1QACAGFNYWNpbnRvc2ggSEQ6VXNlcnM6AHBlbmdsaXU6AERvY3VtZW50czoAQWFsdG86AHRoZXNpczoAbWF0ZXJpYWxzOgBYaW5odWFfRmVuZ18tX0hvbWVfTmUjQTdDN0EucGRmAAAOAEQAIQBYAGkAbgBoAHUAYQBfAEYAZQBuAGcAXwAtAF8ASABvAG0AZQBfAE4AZQB0AHcAbwByAGsAaQBuAGcALgBwAGQAZgAPABoADABNAGEAYwBpAG4AdABvAHMAaAAgAEgARAASAFBVc2Vycy9wZW5nbGl1L0RvY3VtZW50cy9BYWx0by90aGVzaXMvbWF0ZXJpYWxzL1hpbmh1YV9GZW5nXy1fSG9tZV9OZXR3b3JraW5nLnBkZgATAAEvAAAVAAIADv//AACABtIbHB0eWiRjbGFzc25hbWVYJGNsYXNzZXNdTlNNdXRhYmxlRGF0YaMdHyBWTlNEYXRhWE5TT2JqZWN00hscIiNcTlNEaWN0aW9uYXJ5oiIgXxAPTlNLZXllZEFyY2hpdmVy0SYnVHJvb3SAAQAIABEAGgAjAC0AMgA3AEAARgBNAFUAYABnAGoAbABuAHEAcwB1AHcAhACOAMIAxwDPAtsC3QLiAu0C9gMEAwgDDwMYAx0DKgMtAz8DQgNHAAAAAAAAAgEAAAAAAAAAKAAAAAAAAAAAAAAAAAAAA0k=}}

@techreport{link_layer,
	Author = {Bruce Nordman},
	Date-Added = {2014-06-03 20:26:35 +0000},
	Date-Modified = {2014-06-03 20:38:55 +0000},
	Institution = {National Lab Buildings Energy Efficiency Research Projects},
	Month = {September},
	Title = {Summary of Analysis of Communication Link Technologies},
	Year = {2012},
	Bdsk-File-1 = {YnBsaXN0MDDUAQIDBAUGJCVYJHZlcnNpb25YJG9iamVjdHNZJGFyY2hpdmVyVCR0b3ASAAGGoKgHCBMUFRYaIVUkbnVsbNMJCgsMDxJXTlMua2V5c1pOUy5vYmplY3RzViRjbGFzc6INDoACgAOiEBGABIAFgAdccmVsYXRpdmVQYXRoWWFsaWFzRGF0YV8QKS4uLy4uL21hdGVyaWFscy9BVmNvbnRyb2xUZWNobm9sb2dpZXMucGRm0hcLGBlXTlMuZGF0YU8RAeoAAAAAAeoAAgAADE1hY2ludG9zaCBIRAAAAAAAAAAAAAAAAAAAANBmlIdIKwAAAAp8URlBVmNvbnRyb2xUZWNobm9sb2dpZXMucGRmAAAAAAAAAAAAAAAAAAAAAAAAAAAAAAAAAAAAAAAAAAAAAAAAAAAACnxUzseZ4QAAAAAAAAAAAAIAAgAACSAAAAAAAAAAAAAAAAAAAAAJbWF0ZXJpYWxzAAAQAAgAANBmalcAAAARAAgAAM7HfcEAAAABABgACnxRAAp8IAAKeuYACnreAAngWQACk9UAAgBbTWFjaW50b3NoIEhEOlVzZXJzOgBwZW5nbGl1OgBEb2N1bWVudHM6AEFhbHRvOgB0aGVzaXM6AG1hdGVyaWFsczoAQVZjb250cm9sVGVjaG5vbG9naWVzLnBkZgAADgA0ABkAQQBWAGMAbwBuAHQAcgBvAGwAVABlAGMAaABuAG8AbABvAGcAaQBlAHMALgBwAGQAZgAPABoADABNAGEAYwBpAG4AdABvAHMAaAAgAEgARAASAEhVc2Vycy9wZW5nbGl1L0RvY3VtZW50cy9BYWx0by90aGVzaXMvbWF0ZXJpYWxzL0FWY29udHJvbFRlY2hub2xvZ2llcy5wZGYAEwABLwAAFQACAA7//wAAgAbSGxwdHlokY2xhc3NuYW1lWCRjbGFzc2VzXU5TTXV0YWJsZURhdGGjHR8gVk5TRGF0YVhOU09iamVjdNIbHCIjXE5TRGljdGlvbmFyeaIiIF8QD05TS2V5ZWRBcmNoaXZlctEmJ1Ryb290gAEACAARABoAIwAtADIANwBAAEYATQBVAGAAZwBqAGwAbgBxAHMAdQB3AIQAjgC6AL8AxwK1ArcCvALHAtAC3gLiAukC8gL3AwQDBwMZAxwDIQAAAAAAAAIBAAAAAAAAACgAAAAAAAAAAAAAAAAAAAMj}}

@article{ipv6,
	Author = {Chung-Sheng Li, Yueh-Min Huang},
	Date-Added = {2014-06-03 20:18:29 +0000},
	Date-Modified = {2014-06-03 20:21:49 +0000},
	Journal = {IEEE Contributed Paper},
	Month = {August},
	Title = {UPnP IPv4/IPv6 Bridge for Home Networking Environment},
	Year = {2008},
	Bdsk-File-1 = {YnBsaXN0MDDUAQIDBAUGJCVYJHZlcnNpb25YJG9iamVjdHNZJGFyY2hpdmVyVCR0b3ASAAGGoKgHCBMUFRYaIVUkbnVsbNMJCgsMDxJXTlMua2V5c1pOUy5vYmplY3RzViRjbGFzc6INDoACgAOiEBGABIAFgAdccmVsYXRpdmVQYXRoWWFsaWFzRGF0YV8QOy4uLy4uL21hdGVyaWFscy91cG5wLWJyaWRnZWZvcmhvbWVuZXR3b3JraW5nZW52aXJvbm1lbnQucGRm0hcLGBlXTlMuZGF0YU8RAiYAAAAAAiYAAgAADE1hY2ludG9zaCBIRAAAAAAAAAAAAAAAAAAAANBmlIdIKwAAAAp8UR91cG5wLWJyaWRnZWZvcmhvbWVuZXQjQTdDNzcucGRmAAAAAAAAAAAAAAAAAAAAAAAAAAAAAAAAAAAAAAAAAAAACnx3zis9dQAAAAAAAAAAAAIAAgAACSAAAAAAAAAAAAAAAAAAAAAJbWF0ZXJpYWxzAAAQAAgAANBmalcAAAARAAgAAM4rE0UAAAABABgACnxRAAp8IAAKeuYACnreAAngWQACk9UAAgBhTWFjaW50b3NoIEhEOlVzZXJzOgBwZW5nbGl1OgBEb2N1bWVudHM6AEFhbHRvOgB0aGVzaXM6AG1hdGVyaWFsczoAdXBucC1icmlkZ2Vmb3Job21lbmV0I0E3Qzc3LnBkZgAADgBYACsAdQBwAG4AcAAtAGIAcgBpAGQAZwBlAGYAbwByAGgAbwBtAGUAbgBlAHQAdwBvAHIAawBpAG4AZwBlAG4AdgBpAHIAbwBuAG0AZQBuAHQALgBwAGQAZgAPABoADABNAGEAYwBpAG4AdABvAHMAaAAgAEgARAASAFpVc2Vycy9wZW5nbGl1L0RvY3VtZW50cy9BYWx0by90aGVzaXMvbWF0ZXJpYWxzL3VwbnAtYnJpZGdlZm9yaG9tZW5ldHdvcmtpbmdlbnZpcm9ubWVudC5wZGYAEwABLwAAFQACAA7//wAAgAbSGxwdHlokY2xhc3NuYW1lWCRjbGFzc2VzXU5TTXV0YWJsZURhdGGjHR8gVk5TRGF0YVhOU09iamVjdNIbHCIjXE5TRGljdGlvbmFyeaIiIF8QD05TS2V5ZWRBcmNoaXZlctEmJ1Ryb290gAEACAARABoAIwAtADIANwBAAEYATQBVAGAAZwBqAGwAbgBxAHMAdQB3AIQAjgDMANEA2QMDAwUDCgMVAx4DLAMwAzcDQANFA1IDVQNnA2oDbwAAAAAAAAIBAAAAAAAAACgAAAAAAAAAAAAAAAAAAANx}}

@webpage{AirPlay-spec,
	Date-Added = {2014-05-29 17:03:35 +0000},
	Date-Modified = {2014-05-29 17:04:44 +0000},
	Keywords = {AirPlay},
	Title = {AirPlay Specification},
	Url = {http://nto.github.io/AirPlay.html},
	Bdsk-Url-1 = {http://nto.github.io/AirPlay.html}}

@article{stateofHN,
	Author = {W. Keith Edwards, Rebecca E. Grinter, Ratul Mahajan, David Wetherall},
	Date-Added = {2014-05-27 19:53:32 +0000},
	Date-Modified = {2014-05-27 19:56:03 +0000},
	Journal = {Communications of the ACM},
	Month = {June},
	Number = {6},
	Pages = {63-71},
	Title = {Advancing the State of Home Networking},
	Volume = {54},
	Year = {2011},
	Bdsk-File-1 = {YnBsaXN0MDDUAQIDBAUGJCVYJHZlcnNpb25YJG9iamVjdHNZJGFyY2hpdmVyVCR0b3ASAAGGoKgHCBMUFRYaIVUkbnVsbNMJCgsMDxJXTlMua2V5c1pOUy5vYmplY3RzViRjbGFzc6INDoACgAOiEBGABIAFgAdccmVsYXRpdmVQYXRoWWFsaWFzRGF0YV8QHy4uLy4uL21hdGVyaWFscy9wNjItZWR3YXJkcy5wZGbSFwsYGVdOUy5kYXRhTxEBwgAAAAABwgACAAAMTWFjaW50b3NoIEhEAAAAAAAAAAAAAAAAAAAA0GaUh0grAAAACnxRD3A2Mi1lZHdhcmRzLnBkZgAAAAAAAAAAAAAAAAAAAAAAAAAAAAAAAAAAAAAAAAAAAAAAAAAAAAAAAAAAAAAAAAAKfHLOKz11AAAAAAAAAAAAAgACAAAJIAAAAAAAAAAAAAAAAAAAAAltYXRlcmlhbHMAABAACAAA0GZqVwAAABEACAAAzisTRQAAAAEAGAAKfFEACnwgAAp65gAKet4ACeBZAAKT1QACAFFNYWNpbnRvc2ggSEQ6VXNlcnM6AHBlbmdsaXU6AERvY3VtZW50czoAQWFsdG86AHRoZXNpczoAbWF0ZXJpYWxzOgBwNjItZWR3YXJkcy5wZGYAAA4AIAAPAHAANgAyAC0AZQBkAHcAYQByAGQAcwAuAHAAZABmAA8AGgAMAE0AYQBjAGkAbgB0AG8AcwBoACAASABEABIAPlVzZXJzL3BlbmdsaXUvRG9jdW1lbnRzL0FhbHRvL3RoZXNpcy9tYXRlcmlhbHMvcDYyLWVkd2FyZHMucGRmABMAAS8AABUAAgAO//8AAIAG0hscHR5aJGNsYXNzbmFtZVgkY2xhc3Nlc11OU011dGFibGVEYXRhox0fIFZOU0RhdGFYTlNPYmplY3TSGxwiI1xOU0RpY3Rpb25hcnmiIiBfEA9OU0tleWVkQXJjaGl2ZXLRJidUcm9vdIABAAgAEQAaACMALQAyADcAQABGAE0AVQBgAGcAagBsAG4AcQBzAHUAdwCEAI4AsAC1AL0CgwKFAooClQKeAqwCsAK3AsACxQLSAtUC5wLqAu8AAAAAAAACAQAAAAAAAAAoAAAAAAAAAAAAAAAAAAAC8Q==}}

@article{next_generation,
	Author = {Kimio Oguchi, Kunio Tojo, Takayoshi Okodo, Yohei Tsuchida, Tomoyuki Yamaguchi, Takahiro Murooka},
	Date-Added = {2014-05-27 19:37:49 +0000},
	Date-Modified = {2014-05-27 19:43:11 +0000},
	Journal = {Proc. of SPIE},
	Title = {Next generation home networking and relevant technologies},
	Volume = {5626},
	Year = {2005},
	Bdsk-File-1 = {YnBsaXN0MDDUAQIDBAUGJCVYJHZlcnNpb25YJG9iamVjdHNZJGFyY2hpdmVyVCR0b3ASAAGGoKgHCBMUFRYaIVUkbnVsbNMJCgsMDxJXTlMua2V5c1pOUy5vYmplY3RzViRjbGFzc6INDoACgAOiEBGABIAFgAdccmVsYXRpdmVQYXRoWWFsaWFzRGF0YV8QMy4uLy4uL21hdGVyaWFscy9uZXh0LWdlbmVyYXRpb24taG9tZS1uZXR3b3JraW5nLnBkZtIXCxgZV05TLmRhdGFPEQIOAAAAAAIOAAIAAAxNYWNpbnRvc2ggSEQAAAAAAAAAAAAAAAAAAADQZpSHSCsAAAAKfFEfbmV4dC1nZW5lcmF0aW9uLWhvbWUtI0E3QzcwLnBkZgAAAAAAAAAAAAAAAAAAAAAAAAAAAAAAAAAAAAAAAAAAAAp8cM4rPXUAAAAAAAAAAAACAAIAAAkgAAAAAAAAAAAAAAAAAAAACW1hdGVyaWFscwAAEAAIAADQZmpXAAAAEQAIAADOKxNFAAAAAQAYAAp8UQAKfCAACnrmAAp63gAJ4FkAApPVAAIAYU1hY2ludG9zaCBIRDpVc2VyczoAcGVuZ2xpdToARG9jdW1lbnRzOgBBYWx0bzoAdGhlc2lzOgBtYXRlcmlhbHM6AG5leHQtZ2VuZXJhdGlvbi1ob21lLSNBN0M3MC5wZGYAAA4ASAAjAG4AZQB4AHQALQBnAGUAbgBlAHIAYQB0AGkAbwBuAC0AaABvAG0AZQAtAG4AZQB0AHcAbwByAGsAaQBuAGcALgBwAGQAZgAPABoADABNAGEAYwBpAG4AdABvAHMAaAAgAEgARAASAFJVc2Vycy9wZW5nbGl1L0RvY3VtZW50cy9BYWx0by90aGVzaXMvbWF0ZXJpYWxzL25leHQtZ2VuZXJhdGlvbi1ob21lLW5ldHdvcmtpbmcucGRmABMAAS8AABUAAgAO//8AAIAG0hscHR5aJGNsYXNzbmFtZVgkY2xhc3Nlc11OU011dGFibGVEYXRhox0fIFZOU0RhdGFYTlNPYmplY3TSGxwiI1xOU0RpY3Rpb25hcnmiIiBfEA9OU0tleWVkQXJjaGl2ZXLRJidUcm9vdIABAAgAEQAaACMALQAyADcAQABGAE0AVQBgAGcAagBsAG4AcQBzAHUAdwCEAI4AxADJANEC4wLlAuoC9QL+AwwDEAMXAyADJQMyAzUDRwNKA08AAAAAAAACAQAAAAAAAAAoAAAAAAAAAAAAAAAAAAADUQ==}}

@article{DLNA_proxy2,
	Author = {Jung-Tae Kim, Yeon-Joo Oh, Hoon-Ki Lee, Eui-Hyun Paik, Kwang-Roh Park},
	Date-Added = {2014-05-27 19:32:56 +0000},
	Date-Modified = {2014-05-27 19:37:11 +0000},
	Journal = {IEEE Transactions on Consumer Electronics},
	Month = {February},
	Number = {1},
	Pages = {139-144},
	Title = {Implementation of the DLNA Proxy System for Sharing Home Media Contents},
	Volume = {53},
	Year = {2007},
	Bdsk-File-1 = {YnBsaXN0MDDUAQIDBAUGJCVYJHZlcnNpb25YJG9iamVjdHNZJGFyY2hpdmVyVCR0b3ASAAGGoKgHCBMUFRYaIVUkbnVsbNMJCgsMDxJXTlMua2V5c1pOUy5vYmplY3RzViRjbGFzc6INDoACgAOiEBGABIAFgAdccmVsYXRpdmVQYXRoWWFsaWFzRGF0YV8QTi4uLy4uL21hdGVyaWFscy9pbXBsZW1lbnRhdGlvbi1kbG5hLXByb3h5LWZvci1zaGFyZWluZy1ob21lLW1lZGlhLWNvbnRlbnRzLnBkZtIXCxgZV05TLmRhdGFPEQJgAAAAAAJgAAIAAAxNYWNpbnRvc2ggSEQAAAAAAAAAAAAAAAAAAADQZpSHSCsAAAAKfFEfaW1wbGVtZW50YXRpb24tZGxuYS1wI0E3QzZDLnBkZgAAAAAAAAAAAAAAAAAAAAAAAAAAAAAAAAAAAAAAAAAAAAp8bM4rPXUAAAAAAAAAAAACAAIAAAkgAAAAAAAAAAAAAAAAAAAACW1hdGVyaWFscwAAEAAIAADQZmpXAAAAEQAIAADOKxNFAAAAAQAYAAp8UQAKfCAACnrmAAp63gAJ4FkAApPVAAIAYU1hY2ludG9zaCBIRDpVc2VyczoAcGVuZ2xpdToARG9jdW1lbnRzOgBBYWx0bzoAdGhlc2lzOgBtYXRlcmlhbHM6AGltcGxlbWVudGF0aW9uLWRsbmEtcCNBN0M2Qy5wZGYAAA4AfgA+AGkAbQBwAGwAZQBtAGUAbgB0AGEAdABpAG8AbgAtAGQAbABuAGEALQBwAHIAbwB4AHkALQBmAG8AcgAtAHMAaABhAHIAZQBpAG4AZwAtAGgAbwBtAGUALQBtAGUAZABpAGEALQBjAG8AbgB0AGUAbgB0AHMALgBwAGQAZgAPABoADABNAGEAYwBpAG4AdABvAHMAaAAgAEgARAASAG1Vc2Vycy9wZW5nbGl1L0RvY3VtZW50cy9BYWx0by90aGVzaXMvbWF0ZXJpYWxzL2ltcGxlbWVudGF0aW9uLWRsbmEtcHJveHktZm9yLXNoYXJlaW5nLWhvbWUtbWVkaWEtY29udGVudHMucGRmAAATAAEvAAAVAAIADv//AACABtIbHB0eWiRjbGFzc25hbWVYJGNsYXNzZXNdTlNNdXRhYmxlRGF0YaMdHyBWTlNEYXRhWE5TT2JqZWN00hscIiNcTlNEaWN0aW9uYXJ5oiIgXxAPTlNLZXllZEFyY2hpdmVy0SYnVHJvb3SAAQAIABEAGgAjAC0AMgA3AEAARgBNAFUAYABnAGoAbABuAHEAcwB1AHcAhACOAN8A5ADsA1ADUgNXA2IDawN5A30DhAONA5IDnwOiA7QDtwO8AAAAAAAAAgEAAAAAAAAAKAAAAAAAAAAAAAAAAAAAA74=}}

@article{upnp,
	Author = {Brent A. Miler, Toby Nixon, Charlie Tai, Mark D. Wood},
	Date-Added = {2014-05-27 19:28:14 +0000},
	Date-Modified = {2014-05-27 19:31:26 +0000},
	Journal = {IEEE Communications Magzine},
	Month = {December},
	Pages = {104-109},
	Title = {Home Networking with Universal Plug and Play},
	Year = {2001},
	Bdsk-File-1 = {YnBsaXN0MDDUAQIDBAUGJCVYJHZlcnNpb25YJG9iamVjdHNZJGFyY2hpdmVyVCR0b3ASAAGGoKgHCBMUFRYaIVUkbnVsbNMJCgsMDxJXTlMua2V5c1pOUy5vYmplY3RzViRjbGFzc6INDoACgAOiEBGABIAFgAdccmVsYXRpdmVQYXRoWWFsaWFzRGF0YV8QJy4uLy4uL21hdGVyaWFscy9ob21lbmV0d29ya2luZy11cG5wLnBkZtIXCxgZV05TLmRhdGFPEQHiAAAAAAHiAAIAAAxNYWNpbnRvc2ggSEQAAAAAAAAAAAAAAAAAAADQZpSHSCsAAAAKfFEXaG9tZW5ldHdvcmtpbmctdXBucC5wZGYAAAAAAAAAAAAAAAAAAAAAAAAAAAAAAAAAAAAAAAAAAAAAAAAAAAAAAAp8as4rPXUAAAAAAAAAAAACAAIAAAkgAAAAAAAAAAAAAAAAAAAACW1hdGVyaWFscwAAEAAIAADQZmpXAAAAEQAIAADOKxNFAAAAAQAYAAp8UQAKfCAACnrmAAp63gAJ4FkAApPVAAIAWU1hY2ludG9zaCBIRDpVc2VyczoAcGVuZ2xpdToARG9jdW1lbnRzOgBBYWx0bzoAdGhlc2lzOgBtYXRlcmlhbHM6AGhvbWVuZXR3b3JraW5nLXVwbnAucGRmAAAOADAAFwBoAG8AbQBlAG4AZQB0AHcAbwByAGsAaQBuAGcALQB1AHAAbgBwAC4AcABkAGYADwAaAAwATQBhAGMAaQBuAHQAbwBzAGgAIABIAEQAEgBGVXNlcnMvcGVuZ2xpdS9Eb2N1bWVudHMvQWFsdG8vdGhlc2lzL21hdGVyaWFscy9ob21lbmV0d29ya2luZy11cG5wLnBkZgATAAEvAAAVAAIADv//AACABtIbHB0eWiRjbGFzc25hbWVYJGNsYXNzZXNdTlNNdXRhYmxlRGF0YaMdHyBWTlNEYXRhWE5TT2JqZWN00hscIiNcTlNEaWN0aW9uYXJ5oiIgXxAPTlNLZXllZEFyY2hpdmVy0SYnVHJvb3SAAQAIABEAGgAjAC0AMgA3AEAARgBNAFUAYABnAGoAbABuAHEAcwB1AHcAhACOALgAvQDFAqsCrQKyAr0CxgLUAtgC3wLoAu0C+gL9Aw8DEgMXAAAAAAAAAgEAAAAAAAAAKAAAAAAAAAAAAAAAAAAAAxk=}}

@article{standards-perspective,
	Author = {Bill Rose},
	Date-Added = {2014-05-27 19:25:02 +0000},
	Date-Modified = {2014-05-27 19:26:53 +0000},
	Journal = {IEEE Communications Magzine},
	Month = {December},
	Pages = {78-85},
	Title = {Home Networks: A Standards Perspective},
	Year = {2001},
	Bdsk-File-1 = {YnBsaXN0MDDUAQIDBAUGJCVYJHZlcnNpb25YJG9iamVjdHNZJGFyY2hpdmVyVCR0b3ASAAGGoKgHCBMUFRYaIVUkbnVsbNMJCgsMDxJXTlMua2V5c1pOUy5vYmplY3RzViRjbGFzc6INDoACgAOiEBGABIAFgAdccmVsYXRpdmVQYXRoWWFsaWFzRGF0YV8QLi4uLy4uL21hdGVyaWFscy9obS1hLXN0YW5kYXJkcy1wZXJzcGVjdGl2ZS5wZGbSFwsYGVdOUy5kYXRhTxEB/gAAAAAB/gACAAAMTWFjaW50b3NoIEhEAAAAAAAAAAAAAAAAAAAA0GaUh0grAAAACnxRHmhtLWEtc3RhbmRhcmRzLXBlcnNwZWN0aXZlLnBkZgAAAAAAAAAAAAAAAAAAAAAAAAAAAAAAAAAAAAAAAAAAAAAKfGjOKz11AAAAAAAAAAAAAgACAAAJIAAAAAAAAAAAAAAAAAAAAAltYXRlcmlhbHMAABAACAAA0GZqVwAAABEACAAAzisTRQAAAAEAGAAKfFEACnwgAAp65gAKet4ACeBZAAKT1QACAGBNYWNpbnRvc2ggSEQ6VXNlcnM6AHBlbmdsaXU6AERvY3VtZW50czoAQWFsdG86AHRoZXNpczoAbWF0ZXJpYWxzOgBobS1hLXN0YW5kYXJkcy1wZXJzcGVjdGl2ZS5wZGYADgA+AB4AaABtAC0AYQAtAHMAdABhAG4AZABhAHIAZABzAC0AcABlAHIAcwBwAGUAYwB0AGkAdgBlAC4AcABkAGYADwAaAAwATQBhAGMAaQBuAHQAbwBzAGgAIABIAEQAEgBNVXNlcnMvcGVuZ2xpdS9Eb2N1bWVudHMvQWFsdG8vdGhlc2lzL21hdGVyaWFscy9obS1hLXN0YW5kYXJkcy1wZXJzcGVjdGl2ZS5wZGYAABMAAS8AABUAAgAO//8AAIAG0hscHR5aJGNsYXNzbmFtZVgkY2xhc3Nlc11OU011dGFibGVEYXRhox0fIFZOU0RhdGFYTlNPYmplY3TSGxwiI1xOU0RpY3Rpb25hcnmiIiBfEA9OU0tleWVkQXJjaGl2ZXLRJidUcm9vdIABAAgAEQAaACMALQAyADcAQABGAE0AVQBgAGcAagBsAG4AcQBzAHUAdwCEAI4AvwDEAMwCzgLQAtUC4ALpAvcC+wMCAwsDEAMdAyADMgM1AzoAAAAAAAACAQAAAAAAAAAoAAAAAAAAAAAAAAAAAAADPA==}}

@article{DLNA_proxy,
	Author = {Yeon-Joo Oh, Jung-Tae Kim, Eui-Hyun Paik, Kwang-Rog Park},
	Date-Added = {2014-05-27 19:16:14 +0000},
	Date-Modified = {2014-05-27 19:23:50 +0000},
	Journal = {ICACT2006},
	Pages = {1855-1858},
	Title = {The DLNA Proxy System Architecture for Sharing In-Home Media Contents via Internet},
	Year = {2006},
	Bdsk-File-1 = {YnBsaXN0MDDUAQIDBAUGJCVYJHZlcnNpb25YJG9iamVjdHNZJGFyY2hpdmVyVCR0b3ASAAGGoKgHCBMUFRYaIVUkbnVsbNMJCgsMDxJXTlMua2V5c1pOUy5vYmplY3RzViRjbGFzc6INDoACgAOiEBGABIAFgAdccmVsYXRpdmVQYXRoWWFsaWFzRGF0YV8QLi4uLy4uL21hdGVyaWFscy9kbG5hLXNoYXJlY29udGVudC1pbnRlcm5ldC5wZGbSFwsYGVdOUy5kYXRhTxEB/gAAAAAB/gACAAAMTWFjaW50b3NoIEhEAAAAAAAAAAAAAAAAAAAA0GaUh0grAAAACnxRHmRsbmEtc2hhcmVjb250ZW50LWludGVybmV0LnBkZgAAAAAAAAAAAAAAAAAAAAAAAAAAAAAAAAAAAAAAAAAAAAAKfGDOKz11AAAAAAAAAAAAAgACAAAJIAAAAAAAAAAAAAAAAAAAAAltYXRlcmlhbHMAABAACAAA0GZqVwAAABEACAAAzisTRQAAAAEAGAAKfFEACnwgAAp65gAKet4ACeBZAAKT1QACAGBNYWNpbnRvc2ggSEQ6VXNlcnM6AHBlbmdsaXU6AERvY3VtZW50czoAQWFsdG86AHRoZXNpczoAbWF0ZXJpYWxzOgBkbG5hLXNoYXJlY29udGVudC1pbnRlcm5ldC5wZGYADgA+AB4AZABsAG4AYQAtAHMAaABhAHIAZQBjAG8AbgB0AGUAbgB0AC0AaQBuAHQAZQByAG4AZQB0AC4AcABkAGYADwAaAAwATQBhAGMAaQBuAHQAbwBzAGgAIABIAEQAEgBNVXNlcnMvcGVuZ2xpdS9Eb2N1bWVudHMvQWFsdG8vdGhlc2lzL21hdGVyaWFscy9kbG5hLXNoYXJlY29udGVudC1pbnRlcm5ldC5wZGYAABMAAS8AABUAAgAO//8AAIAG0hscHR5aJGNsYXNzbmFtZVgkY2xhc3Nlc11OU011dGFibGVEYXRhox0fIFZOU0RhdGFYTlNPYmplY3TSGxwiI1xOU0RpY3Rpb25hcnmiIiBfEA9OU0tleWVkQXJjaGl2ZXLRJidUcm9vdIABAAgAEQAaACMALQAyADcAQABGAE0AVQBgAGcAagBsAG4AcQBzAHUAdwCEAI4AvwDEAMwCzgLQAtUC4ALpAvcC+wMCAwsDEAMdAyADMgM1AzoAAAAAAAACAQAAAAAAAAAoAAAAAAAAAAAAAAAAAAADPA==}}

@article{end_user,
	Author = {Sandy Teger and David J. Wakes, System Dynamics Inc.},
	Date-Added = {2014-05-27 19:11:26 +0000},
	Date-Modified = {2014-05-27 19:19:21 +0000},
	Journal = {IEEE Communications Magzine},
	Month = {April},
	Pages = {114-119},
	Read = {0},
	Title = {End-User perspectives on Home Networking},
	Year = {2002},
	Bdsk-File-1 = {YnBsaXN0MDDUAQIDBAUGJCVYJHZlcnNpb25YJG9iamVjdHNZJGFyY2hpdmVyVCR0b3ASAAGGoKgHCBMUFRYaIVUkbnVsbNMJCgsMDxJXTlMua2V5c1pOUy5vYmplY3RzViRjbGFzc6INDoACgAOiEBGABIAFgAdccmVsYXRpdmVQYXRoWWFsaWFzRGF0YV8QLy4uLy4uL21hdGVyaWFscy9lbmQtdXNlci1wZXJzcGVjdGl2ZXMtb24taG4ucGRm0hcLGBlXTlMuZGF0YU8RAgIAAAAAAgIAAgAADE1hY2ludG9zaCBIRAAAAAAAAAAAAAAAAAAAANBmlIdIKwAAAAp8UR9lbmQtdXNlci1wZXJzcGVjdGl2ZXMtb24taG4ucGRmAAAAAAAAAAAAAAAAAAAAAAAAAAAAAAAAAAAAAAAAAAAACnxizis9dQAAAAAAAAAAAAIAAgAACSAAAAAAAAAAAAAAAAAAAAAJbWF0ZXJpYWxzAAAQAAgAANBmalcAAAARAAgAAM4rE0UAAAABABgACnxRAAp8IAAKeuYACnreAAngWQACk9UAAgBhTWFjaW50b3NoIEhEOlVzZXJzOgBwZW5nbGl1OgBEb2N1bWVudHM6AEFhbHRvOgB0aGVzaXM6AG1hdGVyaWFsczoAZW5kLXVzZXItcGVyc3BlY3RpdmVzLW9uLWhuLnBkZgAADgBAAB8AZQBuAGQALQB1AHMAZQByAC0AcABlAHIAcwBwAGUAYwB0AGkAdgBlAHMALQBvAG4ALQBoAG4ALgBwAGQAZgAPABoADABNAGEAYwBpAG4AdABvAHMAaAAgAEgARAASAE5Vc2Vycy9wZW5nbGl1L0RvY3VtZW50cy9BYWx0by90aGVzaXMvbWF0ZXJpYWxzL2VuZC11c2VyLXBlcnNwZWN0aXZlcy1vbi1obi5wZGYAEwABLwAAFQACAA7//wAAgAbSGxwdHlokY2xhc3NuYW1lWCRjbGFzc2VzXU5TTXV0YWJsZURhdGGjHR8gVk5TRGF0YVhOU09iamVjdNIbHCIjXE5TRGljdGlvbmFyeaIiIF8QD05TS2V5ZWRBcmNoaXZlctEmJ1Ryb290gAEACAARABoAIwAtADIANwBAAEYATQBVAGAAZwBqAGwAbgBxAHMAdQB3AIQAjgDAAMUAzQLTAtUC2gLlAu4C/AMAAwcDEAMVAyIDJQM3AzoDPwAAAAAAAAIBAAAAAAAAACgAAAAAAAAAAAAAAAAAAANB}}
